@manual{MATLAB:R2016a,
  address = {Natick, Massachusetts},
  organization = {The Mathworks, Inc.},
  title = {{MATLAB version 9.0.0.341360 (R2016a)}},
  year = {2016},
}
