@article{Beckman1996,
  title     = {Efficient networks for quantum factoring},
  volume    = {54},
  issn      = {1094-1622},
  url       = {http://dx.doi.org/10.1103/physreva.54.1034},
  doi       = {10.1103/physreva.54.1034},
  number    = {2},
  journal   = {Physical Review A},
  publisher = {American Physical Society (APS)},
  author    = {Beckman,  David and Chari,  Amalavoyal N. and Devabhaktuni,  Srikrishna and Preskill,  John},
  year      = {1996},
  month     = aug,
  pages     = {1034–1063}
}
@article{bernstein2017post,
  title     = {Post-quantum cryptography},
  author    = {Bernstein, Daniel J and Lange, Tanja},
  journal   = {Nature},
  volume    = {549},
  number    = {7671},
  pages     = {188--194},
  year      = {2017},
  publisher = {Nature Publishing Group UK London}
}
@article{rijmen2001advanced,
  title   = {Advanced encryption standard},
  author  = {Rijmen, Vincent and Daemen, Joan},
  journal = {Proceedings of federal information processing standards publications, national institute of standards and technology},
  volume  = {19},
  pages   = {22},
  year    = {2001}
}
@article{rivest1978method,
  title     = {A method for obtaining digital signatures and public-key cryptosystems},
  author    = {Rivest, Ronald L and Shamir, Adi and Adleman, Leonard},
  journal   = {Communications of the ACM},
  volume    = {21},
  number    = {2},
  pages     = {120--126},
  year      = {1978},
  publisher = {ACM New York, NY, USA}
}
@article{Shor1997,
  title     = {Polynomial-Time Algorithms for Prime Factorization and Discrete Logarithms on a Quantum Computer},
  volume    = {26},
  issn      = {1095-7111},
  url       = {http://dx.doi.org/10.1137/s0097539795293172},
  doi       = {10.1137/s0097539795293172},
  number    = {5},
  journal   = {SIAM Journal on Computing},
  publisher = {Society for Industrial & Applied Mathematics (SIAM)},
  author    = {Shor,  Peter W.},
  year      = {1997},
  month     = oct,
  pages     = {1484–1509}
}
@inproceedings{cvejic2002increasing,
  title={Increasing the capacity of LSB-based audio steganography},
  author={Cvejic, Nedeljko and Seppanen, Tapio},
  booktitle={2002 IEEE Workshop on Multimedia Signal Processing.},
  pages={336--338},
  year={2002},
  organization={IEEE}
}@inproceedings{bernstein2005poly1305,
  title={The Poly1305-AES message-authentication code},
  author={Bernstein, Daniel J},
  booktitle={International workshop on fast software encryption},
  pages={32--49},
  year={2005},
  organization={Springer}
}@inproceedings{bernstein2008chacha,
  title={ChaCha, a variant of Salsa20},
  author={Bernstein, Daniel J and others},
  booktitle={Workshop record of SASC},
  volume={8},
  number={1},
  pages={3--5},
  year={2008},
  organization={Citeseer}
}@techreport{nir2015chacha20,
  title={ChaCha20 and Poly1305 for IETF Protocols},
  author={Nir, Yoav and Langley, Adam},
  year={2015}
}@article{dworkin2015sha,
  title={SHA-3 standard: Permutation-based hash and extendable-output functions},
  author={Dworkin, Morris J},
  year={2015},
  publisher={Morris J. Dworkin}
}@article{Ekert1991,
  title = {Quantum cryptography based on Bell’s theorem},
  volume = {67},
  ISSN = {0031-9007},
  url = {http://dx.doi.org/10.1103/PhysRevLett.67.661},
  DOI = {10.1103/physrevlett.67.661},
  number = {6},
  journal = {Physical Review Letters},
  publisher = {American Physical Society (APS)},
  author = {Ekert,  Artur K.},
  year = {1991},
  month = aug,
  pages = {661–663}
}@article{anderson1998limits,
  title={On the limits of steganography},
  author={Anderson, Ross J and Petitcolas, Fabien AP},
  journal={IEEE Journal on selected areas in communications},
  volume={16},
  number={4},
  pages={474--481},
  year={1998},
  publisher={IEEE}
}@inbook{Kahn1996,
  title = {The history of steganography},
  ISBN = {9783540495895},
  ISSN = {1611-3349},
  url = {http://dx.doi.org/10.1007/3-540-61996-8_27},
  DOI = {10.1007/3-540-61996-8_27},
  booktitle = {Information Hiding},
  publisher = {Springer Berlin Heidelberg},
  author = {Kahn,  David},
  year = {1996},
  pages = {1–5}
}@article{alleaume2014using,
  title={Using quantum key distribution for cryptographic purposes: a survey},
  author={All{\'e}aume, Romain and Branciard, Cyril and Bouda, Jan and Debuisschert, Thierry and Dianati, Mehrdad and Gisin, Nicolas and Godfrey, Mark and Grangier, Philippe and L{\"a}nger, Thomas and L{\"u}tkenhaus, Norbert and others},
  journal={Theoretical Computer Science},
  volume={560},
  pages={62--81},
  year={2014},
  publisher={Elsevier}
}@article{sen2014uncertainty,
  title={The uncertainty relations in quantum mechanics},
  author={Sen, Debashis},
  journal={Current Science},
  pages={203--218},
  year={2014},
  publisher={JSTOR}
}@article{buvzek1996quantum,
  title={Quantum copying: Beyond the no-cloning theorem},
  author={Bu{\v{z}}ek, Vladimir and Hillery, Mark},
  journal={Physical Review A},
  volume={54},
  number={3},
  pages={1844},
  year={1996},
  publisher={APS}
}@book{Daemen2002,
  title = {The Design of Rijndael},
  ISBN = {9783662047224},
  ISSN = {1619-7100},
  url = {http://dx.doi.org/10.1007/978-3-662-04722-4},
  DOI = {10.1007/978-3-662-04722-4},
  journal = {Information Security and Cryptography},
  publisher = {Springer Berlin Heidelberg},
  author = {Daemen,  Joan and Rijmen,  Vincent},
  year = {2002}
}@inproceedings{grover1996fast,
  title={A fast quantum mechanical algorithm for database search},
  author={Grover, Lov K},
  booktitle={Proceedings of the twenty-eighth annual ACM symposium on Theory of computing},
  pages={212--219},
  year={1996}
}@article{Skosana2021,
  title     = {Demonstration of Shor’s factoring algorithm for N $$=$$ 21 on IBM quantum processors},
  volume    = {11},
  issn      = {2045-2322},
  url       = {http://dx.doi.org/10.1038/s41598-021-95973-w},
  doi       = {10.1038/s41598-021-95973-w},
  number    = {1},
  journal   = {Scientific Reports},
  publisher = {Springer Science and Business Media LLC},
  author    = {Skosana,  Unathi and Tame,  Mark},
  year      = {2021},
  month     = aug
}